@article{PhysRev.47.777,
  title = {Can Quantum-Mechanical Description of Physical Reality Be Considered Complete?},
  author = {Einstein, A. and Podolsky, B. and Rosen, N.},
  journal = {Phys. Rev.},
  volume = {47},
  issue = {10},
  pages = {777--780},
  numpages = {0},
  year = {1935},
  month = {May},
  publisher = {American Physical Society},
  doi = {10.1103/PhysRev.47.777},
  url = {http://link.aps.org/doi/10.1103/PhysRev.47.777}
}

@book{bohm1951quantum,
  title={Quantum Theory},
  author={Bohm, D.},
  year={1951},
  publisher={Prentice Hall}
}

@article{PhysRev.108.1070,
  title = {Discussion of Experimental Proof for the Paradox of Einstein, Rosen, and Podolsky},
  author = {Bohm, D. and Aharonov, Y.},
  journal = {Phys. Rev.},
  volume = {108},
  issue = {4},
  pages = {1070--1076},
  numpages = {0},
  year = {1957},
  month = {Nov},
  publisher = {American Physical Society},
  doi = {10.1103/PhysRev.108.1070},
  url = {http://link.aps.org/doi/10.1103/PhysRev.108.1070}
}

@article{:/content/aapt/journal/ajp/58/8/10.1119/1.16503,
   author = "Mermin, N. David",
   title = "Quantum mysteries revisited",
   journal = "American Journal of Physics",
   year = "1990",
   volume = "58",
   number = "8", 
   eid = "",
   pages = "731-734",
   url = "http://scitation.aip.org/content/aapt/journal/ajp/58/8/10.1119/1.16503",
   doi = "http://dx.doi.org/10.1119/1.16503" 
}

@book{feynman2013feynman,
  title={The Feynman Lectures on Physics: The New Millennium Edition},
  author={Feynman, R.P. and Leighton, R.B. and Sands, M.},
  pages = "",
  year={2011},
  publisher={Basic Books}
}